@misc{0x00sec,
    author    = "PicoFlamingo (0x00pf)",
    title     = "[Linux] Infecting Running Processes",
    howpublished = "\url{https://0x00sec.org/t/linux-infecting-running-processes/1097}"
}

@misc{gittutorial,
    author    = "Code School",
    title     = "Try Git: Git Tutorial",
    howpublished = "\url{https://try.github.io/levels/1/challenges/1}"
}

@misc{latextutorial,
    author    = "Claudio Vellage",
    title     = "LaTeX Tutorial",
    howpublished = "\url{https://www.latex-tutorial.com/tutorials/}"
}

@misc{mdtutorial,
    author    = "GitHub",
    title     = "Mastering Markdown",
    howpublished = "\url{https://guides.github.com/features/mastering-markdown/}"
}

@inproceedings{feliciano:icse2016,
    author = {Feliciano, Joseph and Storey, Margaret-Anne and Zagalsky, Alexey},
    title = {Student Experiences Using GitHub in Software Engineering Courses: A
             Case Study},
    booktitle = {Proceedings of the 38th International Conference on Software
                 Engineering Companion},
    year = {2016},
    pages = {422--431}
}
